@Book{Prob1,
title={Ejercicios resueltos de probabilidad},
author ={Salazar Gonz\'alez JJ y L\'opez Yurda M},
isbn={84-699-9165-5},
year={2001},
publisher={Santa Cruz de Tenerife : Direcci\'on General de Universidades e Investigaci\'on, Gobierno de Canarias}
}

@Book{Prob2,
title="Estadistica I.Probabilidad y distribuciones",
author=" Casas  S\'anchez JM y Zamora  Sanz AI",
isbn={97-8848-0044-257},
year={2000},
publisher="Editorial Centro de Estudios Ram\'on Areces S.A."
}


@PHDTHESIS{Leo:96,
   author = {Coromoto Le\'on},
   title = {Dise\~no e implementaci\'on de lenguajes orientados al modelo PRAM},
   school = {},
   year = 1996
   }


@MISC{URL:XML,
   author    =" Ren\'e V\'apen\'ik",
   note      = {http://www.elektro-energetika.cz/calculations/distrgeo.php}
}


@MISC{URL:XML1,
author = "Wikipedia",
note = {http://es.wikipedia.org/wiki/Distribuci%C3%B3n_geom%C3%A9trica}
}


@MISC{URL:XML2,
author = "Generator",
note = {http://www.uv.es/ceaces/base/modelos%20de%20probabilidad/geometrica.htm}
}


@MISC{URL:XML3,
author = "An\'onimo",
note = {"http://www.itchihuahua.edu.mx/academic/industrial/sabaticorita/private/07Distr%20Geometrica.htm"}
}

@BOOK{Searle-92,
  AUTHOR =       {Searle, S. R. and Casella, G. and McCulloch, C.},
  TITLE =        {{Variance Components}},
  PUBLISHER =    {John Wiley \& Sons},
  YEAR =         {1992},
  address =      {New York},
}

